@ARTICLE{referenceName1,
  author = {Jack James},
  title = {The awakening},
  journal = {The new journal},
  year = {2009},
  volume = {March},
  timestamp = {2009.05.09}
}

@ARTICLE{referenceName2,
  author = {Author 2},
  title = {Title 2},
  journal = {Journal name},
  year = {2008},
  volume = {March},
  pages = {89},
  timestamp = {2009.07.09}
}
